@Book{NocW06,
 Author = {Nocedal, Jorge and Wright, Stephen J.},
 Title = {Numerical optimization},
 Edition = {2nd},
 Year = {2006},
 Publisher = {Springer},
 doi = {10.1007/978-0-387-40065-5}
}

@Book{BolM04,
 Author = {Bollh{\"o}fer, Matthias and Mehrmann, Volker},
 Title = {Numerische {Mathematik}. {Eine} projektorientierte {Einf{\"u}hrung} f{\"u}r {Ingenieure}, {Mathematiker} und {Naturwissenschaftler}.},
 Year = {2004},
 Publisher = {Vieweg},
 doi = {10.1007/978-3-322-80242-2}
}

@misc{enwiki:1098148439,
  author = "{Wikipedia contributors}",
  title = "Stochastic gradient descent --- {Wikipedia}{,} The Free Encyclopedia",
  year = "2022",
  url = "https://en.wikipedia.org/w/index.php?title=Stochastic_gradient_descent&oldid=1098148439",
  note = "[Online; accessed 18-July-2022]"
}

@Book{RicW17,
 Author = {Richter, Thomas and Wick, Thomas},
 Title = {Einf{\"u}hrung in die numerische {Mathematik}. {Begriffe}, {Konzepte} und zahlreiche {Anwendungsbeispiele}},
 ISBN = {978-3-662-54177-7; 978-3-662-54178-4},
 Year = {2017},
 Publisher = {Heidelberg: Springer Spektrum},
 Language = {German},
 DOI = {10.1007/978-3-662-54178-4},
 url = {https://doi.org/10.1007/978-3-662-54178-4},
 Keywords = {65-01,65Bxx,65Dxx,65Fxx,65Hxx},
 zbMATH = {6737731},
 Zbl = {1392.65003}
}
